<?xml version="1.0"?>
<marc:records xmlns:marc="http://www.loc.gov/MARC21/slim" xmlns:xsi="http://www.w3.org/2001/XMLSchema-instance" xsi:schemaLocation="http://www.loc.gov/MARC21/slim http://www.loc.gov/standards/marcxml/schema/MARC21slim.xsd">
  <marc:record>
    <marc:leader>02987ctm a2200433Ia 4500</marc:leader>
    <marc:controlfield tag="001">9977253252103681</marc:controlfield>
    <marc:controlfield tag="005">20180326015221.0</marc:controlfield>
    <marc:controlfield tag="008">180308s1910    gi a          000 0 arc d</marc:controlfield>
    <marc:datafield ind1=" " ind2=" " tag="035">
  <marc:subfield code="a">(OCoLC)1027966479</marc:subfield>
</marc:datafield>
    <marc:datafield ind1=" " ind2=" " tag="035">
  <marc:subfield code="a">(OCoLC)on1027966479</marc:subfield>
</marc:datafield>
    <marc:datafield ind1=" " ind2=" " tag="040">
  <marc:subfield code="a">PAU</marc:subfield>
  <marc:subfield code="b">eng</marc:subfield>
  <marc:subfield code="c">PAU</marc:subfield>
  <marc:subfield code="e">dacs</marc:subfield>
  <marc:subfield code="d">PAU</marc:subfield>
</marc:datafield>
    <marc:datafield ind1="0" ind2=" " tag="041">
  <marc:subfield code="a">arc</marc:subfield>
  <marc:subfield code="a">heb</marc:subfield>
</marc:datafield>
    <marc:datafield ind1=" " ind2=" " tag="043">
  <marc:subfield code="a">e-gi---</marc:subfield>
</marc:datafield>
    <marc:datafield ind1=" " ind2=" " tag="049">
  <marc:subfield code="a">PAUU</marc:subfield>
</marc:datafield>
    <marc:datafield ind1=" " ind2="9" tag="099">
  <marc:subfield code="a">CAJS Rar Ms 471</marc:subfield>
</marc:datafield>
    <marc:datafield ind1="0" ind2="0" tag="245">
  <marc:subfield code="a">Marriage contract,</marc:subfield>
  <marc:subfield code="f">5671 (1910).</marc:subfield>
</marc:datafield>
    <marc:datafield ind1="3" ind2=" " tag="246">
  <marc:subfield code="6">880-01</marc:subfield>
  <marc:subfield code="a">Ketubah : Gibralt&#x323;ar</marc:subfield>
</marc:datafield>
    <marc:datafield ind1=" " ind2=" " tag="300">
  <marc:subfield code="a">1 leaf :</marc:subfield>
  <marc:subfield code="b">parchment, color illustrations ;</marc:subfield>
  <marc:subfield code="c">59.8 X 70.0 cm</marc:subfield>
</marc:datafield>
    <marc:datafield ind1=" " ind2=" " tag="500">
  <marc:subfield code="6">880-02</marc:subfield>
  <marc:subfield code="a">The wedding took place on the Second day [Mon.] of the week, 14th of Tishre, 5671 [17 Oct. 1910] in the city of G&#x304;ibralt&#x323;ar. The groom is Yosef bar R. Avraham S.t&#x323;. bar R. Mosheh, n. &#x2BB;E., known as n. Ramokh. The bride is G&#x304;amul bat R. Yitsh&#x323;ak&#x323; S.t&#x323;. bar R. Mosheh n. &#x2BB;E. known as Yis&#x301;ra&#x2BC;el. Signatures: Rah&#x323;aman Na&#x2BC;im; Joseph Benrimoj, the groom; Yehoshu&#x2BB;a Gaba&#x2BC;i, shats k&#x323;.k&#x323;. Nefutsot Yehudah.</marc:subfield>
</marc:datafield>
    <marc:datafield ind1=" " ind2=" " tag="520">
  <marc:subfield code="a">Manuscript ketubah with standard ketubah text in black ink in Aramaic and Hebrew. A column topped by a vase on each side of the ketubah text with folk decorations of flowers and leaves in gouach. Gilded crown at top center of leaf and ownership stamp of Shlomo Moussaioff at top right of leaf. Monogram with initials JGB [in rom.] at bottom of leaf. Wedding took place on 14 Tishre 5671 (17 Oct. 1910), in Gibraltar. Groom's signature beneath text, Joseph Benrimoj [in rom.].</marc:subfield>
</marc:datafield>
    <marc:datafield ind1=" " ind2=" " tag="546">
  <marc:subfield code="a">Aramaic and Hebrew.</marc:subfield>
</marc:datafield>
    <marc:datafield ind1="1" ind2=" " tag="561">
  <marc:subfield code="a">Sold at auction at Sotheby's, from the estate of Shlomo Moussaieff, 20 Dec. 2017, lot 112.</marc:subfield>
</marc:datafield>
    <marc:datafield ind1="1" ind2="0" tag="600">
  <marc:subfield code="a">Benrimoj, Joseph</marc:subfield>
  <marc:subfield code="x">Marriage.</marc:subfield>
</marc:datafield>
    <marc:datafield ind1="0" ind2="0" tag="600">
  <marc:subfield code="a">G&#x304;amul bat Yitsh&#x323;ak&#x323;</marc:subfield>
  <marc:subfield code="x">Marriage.</marc:subfield>
</marc:datafield>
    <marc:datafield ind1=" " ind2="0" tag="650">
  <marc:subfield code="a">Ketubah</marc:subfield>
  <marc:subfield code="v">Specimens.</marc:subfield>
</marc:datafield>
    <marc:datafield ind1=" " ind2="0" tag="650">
  <marc:subfield code="a">Prenuptial agreements (Jewish law)</marc:subfield>
  <marc:subfield code="v">Specimens.</marc:subfield>
</marc:datafield>
    <marc:datafield ind1=" " ind2="0" tag="650">
  <marc:subfield code="a">Marriage (Jewish law)</marc:subfield>
</marc:datafield>
    <marc:datafield ind1=" " ind2="0" tag="651">
  <marc:subfield code="a">Gibraltar.</marc:subfield>
</marc:datafield>
    <marc:datafield ind1=" " ind2="7" tag="655">
  <marc:subfield code="a">Ketubahs.</marc:subfield>
  <marc:subfield code="2">aat</marc:subfield>
</marc:datafield>
    <marc:datafield ind1=" " ind2="7" tag="655">
  <marc:subfield code="a">Marriage certificates.</marc:subfield>
  <marc:subfield code="2">aat</marc:subfield>
</marc:datafield>
    <marc:datafield ind1=" " ind2="0" tag="655">
  <marc:subfield code="a">Manuscripts, Hebrew</marc:subfield>
  <marc:subfield code="y">20th century.</marc:subfield>
</marc:datafield>
    <marc:datafield ind1="1" ind2=" " tag="700">
  <marc:subfield code="a">Na&#x2BE;im, Rah&#x323;aman,</marc:subfield>
  <marc:subfield code="d">1845-1920,</marc:subfield>
  <marc:subfield code="e">witness.</marc:subfield>
</marc:datafield>
    <marc:datafield ind1="1" ind2=" " tag="700">
  <marc:subfield code="a">Gaba&#x2BC;i, Yehoshu&#x2BB;a,</marc:subfield>
  <marc:subfield code="e">witness.</marc:subfield>
</marc:datafield>
    <marc:datafield ind1="1" ind2=" " tag="700">
  <marc:subfield code="a">Moussaieff, Shlomo,</marc:subfield>
  <marc:subfield code="e">former owner.</marc:subfield>
</marc:datafield>
    <marc:datafield ind1=" " ind2=" " tag="852">
  <marc:subfield code="b">Library at the Herbert D. Katz Center for Advanced Judaic Studies</marc:subfield>
  <marc:subfield code="a">University of Pennsylvania</marc:subfield>
  <marc:subfield code="e">420 Walnut Street, Philadelphia, Pennsylvania 19106-3703.</marc:subfield>
  <marc:subfield code="j">CAJS Rar Ms 471</marc:subfield>
</marc:datafield>
    <marc:datafield ind1="3" ind2=" " tag="880">
  <marc:subfield code="6">246-01/r</marc:subfield>
  <marc:subfield code="a">&#x5DB;&#x5EA;&#x5D5;&#x5D1;&#x5D4; : &#x5D2;&#x5D9;&#x5D1;&#x5E8;&#x5DC;&#x5D8;&#x5D0;&#x5E8;</marc:subfield>
</marc:datafield>
    <marc:datafield ind1=" " ind2=" " tag="880">
  <marc:subfield code="6">500-02/r</marc:subfield>
  <marc:subfield code="a">"&#x5D1;&#x5E9;&#x5E0;&#x5D9; &#x5D1;&#x5E9;&#x5D1;&#x5EA; &#x5D0;&#x5E8;&#x5D1;&#x5E2;&#x5D4; &#x5E2;&#x5E9;&#x5E8; &#x5D9;&#x5D5;&#x5DD; &#x5DC;&#x5D7;' &#x5EA;&#x5E9;&#x5E8;&#x5D9; &#x5E9;' 5671 &#x5DC;&#x5D1;"&#x5E2; &#x5DC;&#x5DE;&#x5E0;&#x5D9;&#x5DF; &#x5E9;&#x5D0;&#x5E0;&#x5D7;&#x5E0;&#x5D5; &#x5DE;&#x5E0;&#x5D9;&#x5DF; &#x5D1;&#x5D5; &#x5E4;&#x5D4; &#x5DE;&#x5EA;&#x5D0; &#x5D2;'&#x5D9;&#x5D1;[&#x5E8;]&#x5DC;&#x5D8;&#x5D0;&#x5E8; &#x5D9;&#x5E2;"&#x5D0; &#x5D0;&#x5D9;&#x5DA; ... &#x5D9;&#x5D5;&#x5E1;&#x5E3; ... &#x5D1;&#x5E8; ... &#x5E8;' &#x5D0;&#x5D1;&#x5E8;&#x5D4;&#x5DD; &#x5E1;"&#x5D8; &#x5D1;&#x5E8; ... &#x5E8;' &#x5DE;&#x5E9;&#x5D4; &#x5E0;"&#x5E2;, &#x5D4;&#x5DE;&#x5DB;&#x5D5;&#x5E0;&#x5D4; &#x5DF;' &#x5E8;&#x5DE;&#x5D5;&#x5DA; &#x5D0;&#x5DE;&#x5E8; &#x5DC;&#x5D4; ... &#x5D2;'&#x5DE;&#x5D5;&#x5DC; ... &#x5D1;&#x5EA; ... &#x5E8;' &#x5D9;&#x5E6;&#x5D7;&#x5E7; &#x5E1;"&#x5D8; &#x5D1;&#x5E8; ... &#x5E8;' &#x5DE;&#x5E9;&#x5D4; &#x5E0;"&#x5E2; &#x5D4;&#x5DE;&#x5DB;&#x5D5;&#x5E0;&#x5D4; &#x5D9;&#x5E9;&#x5E8;&#x5D0;&#x5DC; &#x5D4;&#x5D5;&#x5D9; &#x5DC;&#x5D9; &#x5DC;&#x5D0;&#x5E0;&#x5EA;&#x5D5; &#x5DB;&#x5D3;&#x5EA; &#x5DE;&#x5E9;&#x5D4; &#x5D5;&#x5D9;&#x5E9;&#x5E8;&#x5D0;&#x5DC; ... &#x5E8;&#x5D7;&#x5DE;"&#x5DF; &#x5E0;&#x5D0;&#x5D9;&#x5DD;; Joseph Benrimoj, &#x5D4;&#x5D7;&#x5EA;&#x5DF;; &#x5D9;&#x5D4;&#x5D5;&#x5E9;&#x5E2; &#x5D2;&#x5D1;&#x5D0;&#x5D9; ... &#x5E9;"&#x5E6; &#x5E7;"&#x5E7; &#x5E0;&#x5E4;&#x5E6;&#x5D5;&#x5EA; &#x5D9;&#x5D4;&#x5D5;&#x5D3;&#x5D4;."</marc:subfield>
</marc:datafield>
    <marc:datafield ind1="3" ind2=" " tag="880">
  <marc:subfield code="6">246-00/r</marc:subfield>
  <marc:subfield code="a">&#x5DB;&#x5EA;&#x5D5;&#x5D1;&#x5D4; : &#x5D2;&#x5D9;&#x5D1;&#x5E8;&#x5DC;&#x5D8;&#x5E8;</marc:subfield>
</marc:datafield>
    <marc:holdings>
      <marc:holding>
        <marc:holding_id>22534079020003681</marc:holding_id>
        <marc:call_number>CAJS Rar Ms 471</marc:call_number>
        <marc:library>KatzLib</marc:library>
        <marc:location>cjsrarms</marc:location>
      </marc:holding>
    </marc:holdings>
  </marc:record>
</marc:records>
